<?xml version="1.0" encoding="UTF-8"?><collection xmlns="http://www.loc.gov/MARC21/slim"><record><leader>00360nam--2200109-i-4500</leader><controlfield tag="001">000021253</controlfield><controlfield tag="002">20161230</controlfield><controlfield tag="005">20161230201034</controlfield><controlfield tag="008">060222s1000------------r-----000-0-eng-d</controlfield><datafield ind1=" " ind2=" " tag="245"><subfield code="a">Handbook of colorimetru. prepared by the staff of the color measurement laboratory massachusetts institute of technology</subfield></datafield><datafield ind1=" " ind2=" " tag="260"><subfield code="a">Cambridge, Massachusetts, 1936. 87 P</subfield></datafield><datafield ind1=" " ind2=" " tag="852"><subfield code="a">2370</subfield></datafield></record></collection>